<?xml version="1.0" encoding="UTF-8"?><collection xmlns="http://www.loc.gov/MARC21/slim"><record><leader>00517nam--2200145-i-4500</leader><controlfield tag="001">000023306</controlfield><controlfield tag="002">20161230</controlfield><controlfield tag="005">20161230201035</controlfield><controlfield tag="008">060222s1000------------r-----000-0-eng-d</controlfield><datafield ind1=" " ind2=" " tag="080"><subfield code="a">621.039.83:015:615.849</subfield></datafield><datafield ind1=" " ind2=" " tag="100"><subfield code="a">Jahnke, Ellen</subfield></datafield><datafield ind1=" " ind2=" " tag="245"><subfield code="a">Vergleichende untersuchungen der radioisotopennephrographie mit 113m in-fe-edta und 131 j-orthohippursaure beim nierenkranken</subfield></datafield><datafield ind1=" " ind2=" " tag="260"><subfield code="a">Munchen, Medizinischen Fakultat Der Ludwig-maximilians-universitat Zu Munchen, 1971, 60 P</subfield></datafield><datafield ind1=" " ind2=" " tag="490"><subfield code="a">Dissertation</subfield></datafield><datafield ind1=" " ind2=" " tag="852"><subfield code="a">39028</subfield></datafield></record></collection>